@abbreviation{HMAC,
  short = {HMAC},
  long  = {\textit{Hash-based Message Authentication Code}}
}
@abbreviation{IFSC,
  short = {IFSC},
  long  = {Instituto Federal de Santa Catarina}
}

@entry{M,
  name        = {\ensuremath{M}},
  description = {a \gls{matrix}}
}

@entry{matrix,
  name        = {matrix},
  plural      = {matrices},
  description = {rectangular array of values, denoted \gls{M}},
  seealso     = {vector}
}

@dualentryabbreviation{svm,
  long        = {support vector machine},
  short       = {SVM},
  description = {statistical pattern recognition technique}
}
@abbreviation{xhtml,
  short       = {xhtml},
  long        = {eXtensible Hypertext Markup Language},
  description = {a markup language for creating web pages}
}
