@techreport{rfc2104hmac,
  author       = {Hugo Krawczyk and Mihir Bellare and Ran Canetti},
  title        = {HMAC: Keyed-Hashing for Message Authentication},
  howpublished = {Internet Requests for Comments},
  type         = {RFC},
  number       = {2104},
  year         = {1997},
  month        = {feb},
  issn         = {2070-1721},
  publisher    = {RFC Editor},
  institution  = {RFC Editor},
  url          = {http://www.rfc-editor.org/rfc/rfc2104.txt}
}