@book{goossens94,
  title={{The LATEX companion}},
  author={Goossens, M. and Mittelbach, F. and Samarin, A.},
  year={1994},
  publisher={Addison-Wesley}
}

@ARTICLE{feigen03,
    Author         = {Harvey B. Feigenbaum},
    Journal        = {Scientific American},
    Month          = {mar√ßo},
    Pages          = {54--59},
    Title          = {Digital entertainment jumps the border },
    Year           = {2003}
}

@book{lamport94,
  title={{La T E X: A Document Preparation System}},
  author={Lamport, L. and others},
  year={1994},
  publisher={Addison-Wesley, Reading, Massachusetts,}
}
